@misc{java-client, 
	author={ElviravdVen},
    title={{Opzet client}}, 
    howpublished="\url{https://github.com/ElviravdVen/Torcs_CI}", 
    journal={Github}, 
    note = "[Online; gedownload op 18-juni-2019]"
}


